@book{goodman2014algebra,
  title={Algebra: Abstract and Concrete, edition 2.6},
  author={Goodman, F.},
  isbn={9780979914218},
  url={https://books.google.com/books?id=H3maAgAAQBAJ},
  year={2014},
  publisher={SemiSimple Press (Frederick Goodman)}
}